% ref.bib
% Encoding: UTF8

@phdthesis{sieber2013implementing,
	title={Implementing the Nintendo Entertainment System on a FPGA},
	author={Sieber, Jonathan},
	year={2013}
}

@article{king2012fpga,
	title={FPGA NES},
	author={King, Art},
	year={2012}
}

@misc{6502instruction,
	title={6502 Instruction Reference},
	howpublished={\url{http://obelisk.me.uk/6502/reference.html}},
	author={Andrew Jacobs},
}

@misc{ppuscrolling,
	title={PPU Scrolling},
	howpublished={\url{http://wiki.nesdev.com/w/index.php/PPU\_scrolling}},
	author={Banshaku and Tepples and others},
	year={2017}
}

@misc{ppurendering,
	title={PPU Rendering},
	howpublished={\url{http://wiki.nesdev.com/w/index.php/PPU\_rendering}},
	author={Drag and Tepples and others},
	year={2016}
}

@misc{evalsprite,
	title={PPU sprite evaluation},
	howpublished={\url{http://wiki.nesdev.com/w/index.php/PPU\_sprite\_evaluation}},
	author={Ndwiki and Tepples and others},
	year={2016}
}
